@inbook{hillalgflaws,
	author="А.С. Аникеев",
	title="Генерация и моделирование 2D ландшафта по контрольным
	значениям с использованием Unity на языке программирования c\#",
	publisher="--- Новосибирск, Новосибирский государственный технический университет",
	language="russian",
	year=2020,
	pages="9"
}

@misc{lands,
	title="ПРИМЕНЕНИЕ ДЕРЕВА КВАДРАНТОВ В ВИЗУАЛИЗАЦИИ ЛАНДШАФТОВ С
	ИЗМЕНЯЕМЫМ УРОВНЕМ ДЕТАЛИЗАЦИИ [Электронный ресурс].",
	howpublished="Режим доступа: \url{https://www.elibrary.ru/download/elibrary_34887617_70147073.pdf} (дата обращения: 19.10.2023)."
}

@misc{datalands,
	title="Генерация трехмерных ландшафтов [Электронный ресурс].",
	howpublished="Режим доступа: \url{https://www.ixbt.com/video/3dterrains-generation.shtml} (дата обращения: 03.07.2023)."
}

@misc{datalandsseg,
	title="Исследование методов компьютерного моделирования поверхностей Земли
	для тестирования программного обеспечения обработки
	изображений со спутников [Электронный ресурс].",
	howpublished="Режим доступа: \url{https://www.elibrary.ru/download/elibrary_39141278_24936959.pdf} (дата обращения: 19.10.2023)."
}

@misc{midpdipl,
	title="Применение алгоритма midpoint-displacement в процедурной генерации ландшафтов [Электронный ресурс].",
	howpublished="Режим доступа: \url{https://cyberleninka.ru/article/n/primenenie-algoritma-midpoint-displacement-v-protsedurnoy-generatsii-landshaftov} (дата обращения: 19.10.2023)."
}

@misc{diasqu,
	title="ПРОЦЕДУРНАЯ ГЕНЕРАЦИЯ ТЕКСТУР НА ОСНОВЕ АЛГОРИТМА DIAMOND-SQUARE [Электронный ресурс].",
	howpublished="Режим доступа: \url{https://libeldoc.bsuir.by/bitstream/123456789/31470/1/Multan_Protsedurnaya.PDF} (дата обращения: 19.10.2023)."
}

@misc{diasqu,
	title="ПРОЦЕДУРНАЯ ГЕНЕРАЦИЯ ТЕКСТУР НА ОСНОВЕ АЛГОРИТМА DIAMOND-SQUARE [Электронный ресурс].",
	howpublished="Режим доступа: \url{https://libeldoc.bsuir.by/bitstream/123456789/31470/1/Multan_Protsedurnaya.PDF} (дата обращения: 19.10.2023)."
}

@misc{diasquwiki,
	title="Diamond-square algorithm [Электронный ресурс].",
	howpublished="Режим доступа: \url{https://en.wikipedia.org/wiki/Diamond-square_algorithm} (дата обращения: 04.07.2023)."
}

@misc{perlnoise,
	title="Perlin noise  [Электронный ресурс].",
	howpublished="Режим доступа: \url{https://en.wikipedia.org/wiki/Perlin_noise} (дата обращения: 08.07.2023)."
}

@inbook{rodjers,
	author="Роджерс Д.",
	title="Алгоритмические основы машинной графики: Пер. с англ.",
	publisher="--- СПб: БХВ-Петербург",
	language="russian",
	year=1989,
	pages="512"
}

@misc{globill,
	title="Global Illumination [Электронный ресурс].",
	howpublished="Режим доступа: \url{https://en.wikipedia.org/wiki/Global_illumination} (дата обращения: 16.07.2023)."
}

@misc{modli,
	title="Простые модели освещения [Электронный ресурс].",
	howpublished="Режим доступа: \url{https://cgraph.ru/node/435} (дата обращения: 16.07.2023)."
}
